@inproceedings{Varghese2015,
  author={Varghese, Ashwini Ann and Cherian, Jacob P and Kizhakkethottam, Jubilant J},
  booktitle={2015 International Conference on Soft-Computing and Networks Security (ICSNS)},
  title={Overview on emotion recognition system},
  year={2015},
  volume={},
  number={},
  pages={1-5},
  doi={10.1109/ICSNS.2015.7292443}
}

@article{Dzedzickis2020,
  title = {Human Emotion Recognition: Review of Sensors and Methods},
  author = {Dzedzickis, Andrius and Kaklauskas, Arturas and Buƒçinskas, Vytautas},
  year = {2020},
  month = {01},
  pages = {592},
  volume = {20},
  journal = {Sensors},
  doi = {10.3390/s20030592}
}
